<record><leader>00000cas a22000007a 4500</leader><controlfield tag="001">13291304</controlfield><controlfield tag="008">860313d1896189uwvucr ne      0    0eng d</controlfield><datafield ind1=" " ind2=" " tag="010"><subfield code="a">sn 86092360 </subfield></datafield><datafield ind1=" " ind2=" " tag="040"><subfield code="a">WVC</subfield><subfield code="b">eng</subfield><subfield code="c">WVC</subfield><subfield code="d">OCL</subfield><subfield code="d">OCLCQ</subfield></datafield><datafield ind1=" " ind2=" " tag="042"><subfield code="a">msc</subfield></datafield><datafield ind1="0" ind2="4" tag="245"><subfield code="a">The Tyler gazette.</subfield></datafield><datafield ind1=" " ind2=" " tag="260"><subfield code="a">Sistersville, W. Va. :</subfield><subfield code="b">F.L. Blackmarr</subfield></datafield><datafield ind1=" " ind2=" " tag="300"><subfield code="a">v.</subfield></datafield><datafield ind1=" " ind2=" " tag="310"><subfield code="a">Semiweekly</subfield></datafield><datafield ind1="1" ind2=" " tag="362"><subfield code="a">Began in 1896?</subfield></datafield><datafield ind1=" " ind2=" " tag="500"><subfield code="a">"Republican."</subfield></datafield><datafield ind1=" " ind2=" " tag="500"><subfield code="a">Editor: F.L. Blackmarr.</subfield></datafield><datafield ind1=" " ind2=" " tag="588"><subfield code="a">Description based on: Vol. 1, no. 97 (Aug. 10, 1897).</subfield></datafield><datafield ind1=" " ind2=" " tag="752"><subfield code="a">United States</subfield><subfield code="b">West Virginia</subfield><subfield code="c">Tyler</subfield><subfield code="d">Sistersville.</subfield></datafield></record>